@misc{zerocash,
    author={Eli Ben-Sasson and Alessandro Chiesa and Christina Garman and Matthew Green and Ian Miers and Eran Tromer and Madars Virza},
    title={Zerocash:  Decentralized Anonymous Payments from Bitcoin (extended version)},
    date={2014-05-18},
    url={http://zerocash-project.org/media/pdf/zerocash-extended-20140518.pdf},
    urldate={2019-06-26}
}

@misc{zcash,
    author={Daira Hopwood and Sean Bowe and Taylor Hornby and Nathan Wilcox},
    title={Zcash Protocol Specification, Version 2019.0.2},
    date={2019-06-18},
    url={https://github.com/zcash/zips/blob/master/protocol/protocol.pdf},
    urldate={2019-06-26}
}

@misc{ethereum,
    author={Gavin Wood},
    title={Ethereum: A Secure Decentralised Generalised Transaction Ledger, Version d6ff64f},
    date={2019-06-13},
    url={https://ethereum.github.io/yellowpaper/paper.pdf},
    urldate={2019-06-27}
}

@misc{fabric,
    author={Elli Androulaki and Artem Barger and Vita Bortnikov and Christian Cachin and Konstantinos Christidis and Angelo De Caro and David Enyeart and Christopher Ferris and Gennady Laventman and Yacov Manevich and Srinivasan Muralidharan and Chet Murthy and Binh Nguyen and Manish Sethi and Gari Singh and Keith Smith and Alessandro Sorniotti and Chrysoula Stathakopoulou and Marko Vukoli{\'c} and Sharon Weed Cocco and Jason Yellick},
    title={Hyperledger Fabric: A Distributed Operating System for Permissioned Blockchains, v2},
    date={2018-04-17},
    archivePrefix={arXiv},
    eprint={1801.10228v2},
    url={https://arxiv.org/abs/https://arxiv.org/abs/1801.10228v2}
}

@misc{zeth,
    author={Antoine Rondelet and Michal Zajac},
    title={ZETH: On Integrating Zerocash on Ethereum},
    date={2019-04-04},
    archivePrefix={arXiv},
    eprint={1904.00905v2},
    url={https://arxiv.org/abs/1904.00905v2}
}

@misc{bctv14a,
    author={Eli Ben-Sasson and Alessandro Chiesa and Eran Tromer and Madars Virza},
    title={Succinct Non-Interactive Zero Knowledge for a von Neumann Architecture (updated version)},
    date={2019-02-05},
    url={https://eprint.iacr.org/2013/879}
}

@misc{libsnark,
    author={SCIPR Lab},
    title={libsnark: a C++ library for zkSNARK proofs},
    url={https://github.com/scipr-lab/libsnark},
    urldate={2019-07-03}
}

@misc{miximus,
    author={barryWhiteHat},
    title={Miximus},
    url={https://github.com/barryWhiteHat/miximus},
    urldate={2019-07-03}
}

@misc{zether,
    author={Benedikt B{\"u}nz and Shashank Agrawal and Mahdi Zamani and Dan Boneh},
    title={Zether: Towards Privacy in a Smart Contract World},
    url={https://crypto.stanford.edu/~buenz/papers/zether.pdf},
    urldate={2019-07-03}
}

@misc{nightfall,
    author={Chaitanya Konda and Michael Connor and Duncan Westland and Quentin Drouot and Paul Brody},
    title={Nightfall},
    url={https://github.com/EYBlockchain/nightfall/blob/master/doc/whitepaper/nightfall-v1.pdf},
    urldate={2019-07-03}
}

@misc{aztec,
    author={Zachary Williamson},
    title={The AZTEC Protocol (version 1.0.1)},
    date={2018-12-04},
    url={https://github.com/AztecProtocol/AZTEC/blob/master/AZTEC.pdf},
    urldate={2019-07-03}
}

@misc{cloak,
    author={Oleg Andreev},
    title={Cloak},
    url={https://github.com/stellar/slingshot/blob/main/spacesuit/spec.md},
    urldate={2019-07-03}
}

@misc{zkvm,
    author={Oleg Andreev and Bob Glickstein and Vicki Niu and Tess Rinearson and Debnil Sur and Cathie Yun},
    title={ZkVM: Fast, Private, Flexible Blockchain Contracts},
    url={https://github.com/stellar/slingshot/files/3164245/zkvm-whitepaper-2019-05-09.pdf},
    date={2019-05},
    urldate={2019-07-03}
}

@misc{zexe,
    author={Sean Bowe and Alessandro Chiesa and Matthew Green and Ian Miers and Pratyush Mishra and Howard Wu},
    title={ZEZE: Enabling Decentralized Private Computation},
    date={2018},
    url={https://eprint.iacr.org/2018/962}
}
